<?xml version="1.0" encoding="UTF-8"?><record xmlns="http://www.loc.gov/MARC21/slim" xmlns:cinclude="http://apache.org/cocoon/include/1.0" xmlns:zs="http://www.loc.gov/zing/srw/">
  <leader>00401cz  a2200133n  4500</leader>
  <controlfield tag="001">n  81075916 </controlfield>
  <controlfield tag="003">DLC</controlfield>
  <controlfield tag="005">20090124080701.0</controlfield>
  <controlfield tag="008">811102n| acannaabn          |n aaa      </controlfield>
  <datafield tag="010" ind1=" " ind2=" ">
    <subfield code="a">n  81075916 </subfield>
  </datafield>
  <datafield tag="035" ind1=" " ind2=" ">
    <subfield code="a">(OCoLC)oca00621199</subfield>
  </datafield>
  <datafield tag="040" ind1=" " ind2=" ">
    <subfield code="a">DLC</subfield>
    <subfield code="b">eng</subfield>
    <subfield code="c">DLC</subfield>
    <subfield code="d">OCoLC</subfield>
  </datafield>
  <datafield tag="100" ind1="1" ind2=" ">
    <subfield code="a">Lefebvre, Louis,</subfield>
    <subfield code="d">1871-1947</subfield>
  </datafield>
  <datafield tag="670" ind1=" " ind2=" ">
    <subfield code="a">Avila, L. E. Louis Lefebvre, c1970:</subfield>
    <subfield code="b">t.p. (Louis Lefebvre) p. 14 (b. 1871) p. 48 (d. 1947)</subfield>
  </datafield>
</record>